%
%  Vzor bibliografické databáze pro automatickou tvorbu seznamu referencí
%  pomocí BibTeXu
%
%  Doporučený software pro správu databáze literatury formátu *.bib:
%    JabRef, http://jabref.sourceforge.net/
%
%  POZOR:
%
%    *  Písmena v názvech publikací, jež je třeba tisknout vždy velká, se musejí psát
%       do složených závorek ({T}hailand, {HIV})
%
%  ===========================================================================

@manual{reactTable,
  title        = {Material-UI},
  organization = {react-table},
  url          = {https://react-table.tanstack.com/docs/examples/material-ui-components},
  note         = {[cit. 2022 28-2]}
}

@manual{CleanArchitecture,
  title        = {Bob Martin's Clean Architecture},
  organization = {Dev Mastery},
  url          = {https://www.youtube.com/watch?v=CnailTcJV_U&ab_channel=DevMastery},
  note         = {[cit. 2022 28-2]}
}

@article{Sudoku,
  title        = {Sudoku},
  author = {Wikipedia},
  url          = {https://cs.wikipedia.org/wiki/Sudoku},
  
  note         = {[cit. 2022 28-2]}
}

@techreport{AvAvA,
  author = {Vladimír Vávra, Josef Litoš, Kryštof Havránek},
  title = {AvAvA},
  institution = {Gymnázium Arabská 14},
  year = {2021},
  type = {Report}
}